<?xml version="1.0" encoding="UTF-8"?><collection xmlns="http://www.loc.gov/MARC21/slim"><record><leader>00446nam--2200169-i-4500</leader><controlfield tag="001">000001434</controlfield><controlfield tag="002">20161230</controlfield><controlfield tag="005">20161230201024</controlfield><controlfield tag="008">060222s1000------------r-----000-0-eng-d</controlfield><datafield ind1=" " ind2=" " tag="040"><subfield code="a">IFIN-HH</subfield></datafield><datafield ind1=" " ind2=" " tag="080"><subfield code="a">536.7</subfield></datafield><datafield ind1="1" ind2=" " tag="100"><subfield code="a">Kestin, Joseph</subfield></datafield><datafield ind1="1" ind2="0" tag="245"><subfield code="a">A course in thermodynamics</subfield><subfield code="c">Joseph kestin</subfield></datafield><datafield ind1=" " ind2=" " tag="260"><subfield code="a">Wltman, Massachusetts</subfield><subfield code="b">Blaisdell Publishing Company</subfield><subfield code="c">1966</subfield></datafield><datafield ind1=" " ind2=" " tag="300"><subfield code="a">615P</subfield></datafield><datafield ind1=" " ind2=" " tag="852"><subfield code="a">37498</subfield><subfield code="c">536.7</subfield></datafield><datafield ind1=" " ind2=" " tag="CAT"><subfield code="a">Sys</subfield><subfield code="c">20110524</subfield><subfield code="h">110924</subfield></datafield></record></collection>